<marcxml:record xmlns:marcxml="http://www.loc.gov/MARC21/slim" xmlns:mets="http://www.loc.gov/METS/" xmlns:bf="http://id.loc.gov/ontologies/bibframe/" xmlns:bflc="http://id.loc.gov/ontologies/bflc/" xmlns:madsrdf="http://www.loc.gov/mads/rdf/v1#" xmlns:rdf="http://www.w3.org/1999/02/22-rdf-syntax-ns#" xmlns:ri="http://id.loc.gov/ontologies/RecordInfo#" xmlns:idx="info:lc/xq-modules/lcindex" xmlns:semtriples="http://marklogic.com/semantic" xmlns:xsi="http://www.w3.org/2001/XMLSchema-instance" xmlns:xlink="http://www.w3.org/1999/xlink">
  <marcxml:leader xmlns:streams="info:lc/streams#">01368cam a2200337 a 4500</marcxml:leader>
  <marcxml:controlfield tag="001" xmlns:streams="info:lc/streams#">133434</marcxml:controlfield>
  <marcxml:controlfield tag="005" xmlns:streams="info:lc/streams#">20141118104730.0</marcxml:controlfield>
  <marcxml:controlfield tag="008" xmlns:streams="info:lc/streams#">971003r19971997nyua   j      000 0 eng  </marcxml:controlfield>
  <marcxml:datafield tag="906" ind1=" " ind2=" " xmlns:streams="info:lc/streams#">
    <marcxml:subfield code="a">7</marcxml:subfield>
    <marcxml:subfield code="b">cbc</marcxml:subfield>
    <marcxml:subfield code="c">orignew</marcxml:subfield>
    <marcxml:subfield code="d">2</marcxml:subfield>
    <marcxml:subfield code="e">ncip</marcxml:subfield>
    <marcxml:subfield code="f">19</marcxml:subfield>
    <marcxml:subfield code="g">y-gencatlg</marcxml:subfield>
  </marcxml:datafield>
  <marcxml:datafield tag="925" ind1="0" ind2=" " xmlns:streams="info:lc/streams#">
    <marcxml:subfield code="a">do not acquire</marcxml:subfield>
    <marcxml:subfield code="x">sh16 03-12-98</marcxml:subfield>
  </marcxml:datafield>
  <marcxml:datafield tag="955" ind1=" " ind2=" " xmlns:streams="info:lc/streams#">
    <marcxml:subfield code="a">pb21 10-03-97 to cat.; sh07 03-11-98; sh16 03-12-98; sh00 12-05-97</marcxml:subfield>
    <marcxml:subfield code="d">sh21 2006-06-22</marcxml:subfield>
    <marcxml:subfield code="f">sh42 2006-07-11</marcxml:subfield>
  </marcxml:datafield>
  <marcxml:datafield tag="010" ind1=" " ind2=" " xmlns:streams="info:lc/streams#">
    <marcxml:subfield code="a">   97202988 </marcxml:subfield>
  </marcxml:datafield>
  <marcxml:datafield tag="020" ind1=" " ind2=" " xmlns:streams="info:lc/streams#">
    <marcxml:subfield code="a">0689812272</marcxml:subfield>
  </marcxml:datafield>
  <marcxml:datafield tag="035" ind1=" " ind2=" " xmlns:streams="info:lc/streams#">
    <marcxml:subfield code="a">(DLC)   97202988</marcxml:subfield>
  </marcxml:datafield>
  <marcxml:datafield tag="040" ind1=" " ind2=" " xmlns:streams="info:lc/streams#">
    <marcxml:subfield code="a">DLC</marcxml:subfield>
    <marcxml:subfield code="c">DLC</marcxml:subfield>
    <marcxml:subfield code="d">DLC</marcxml:subfield>
  </marcxml:datafield>
  <marcxml:datafield tag="042" ind1=" " ind2=" " xmlns:streams="info:lc/streams#">
    <marcxml:subfield code="a">lcac</marcxml:subfield>
  </marcxml:datafield>
  <marcxml:datafield tag="050" ind1="1" ind2="0" xmlns:streams="info:lc/streams#">
    <marcxml:subfield code="a">BS580.J6</marcxml:subfield>
    <marcxml:subfield code="b">K37 1997</marcxml:subfield>
  </marcxml:datafield>
  <marcxml:datafield tag="100" ind1="1" ind2=" " xmlns:streams="info:lc/streams#">
    <marcxml:subfield code="a">Kassirer, Sue.</marcxml:subfield>
  </marcxml:datafield>
  <marcxml:datafield tag="245" ind1="1" ind2="0" xmlns:streams="info:lc/streams#">
    <marcxml:subfield code="a">Joseph and his coat of many colors /</marcxml:subfield>
    <marcxml:subfield code="c">by Susan Kassirer ; illustrated by Danuta Jarecka.</marcxml:subfield>
  </marcxml:datafield>
  <marcxml:datafield tag="260" ind1=" " ind2=" " xmlns:streams="info:lc/streams#">
    <marcxml:subfield code="a">New York :</marcxml:subfield>
    <marcxml:subfield code="b">Simon &amp; Schuster Books for Young Readers,</marcxml:subfield>
    <marcxml:subfield code="c">c1997.</marcxml:subfield>
  </marcxml:datafield>
  <marcxml:datafield tag="300" ind1=" " ind2=" " xmlns:streams="info:lc/streams#">
    <marcxml:subfield code="a">1 v. (unpaged) :</marcxml:subfield>
    <marcxml:subfield code="b">col. ill. ;</marcxml:subfield>
    <marcxml:subfield code="c">24 cm.</marcxml:subfield>
  </marcxml:datafield>
  <marcxml:datafield tag="440" ind1=" " ind2="0" xmlns:streams="info:lc/streams#">
    <marcxml:subfield code="a">Ready-to-read.</marcxml:subfield>
    <marcxml:subfield code="n">Level 1,</marcxml:subfield>
    <marcxml:subfield code="p">Starting to read</marcxml:subfield>
  </marcxml:datafield>
  <marcxml:datafield tag="500" ind1=" " ind2=" " xmlns:streams="info:lc/streams#">
    <marcxml:subfield code="a">Originally published: New York : Aladdin Paperbacks, 1997.</marcxml:subfield>
  </marcxml:datafield>
  <marcxml:datafield tag="520" ind1=" " ind2=" " xmlns:streams="info:lc/streams#">
    <marcxml:subfield code="a">After being sold into slavery in Egypt by his jealous brothers, Joseph becomes an important man and is able to come to his family's rescue during a famine.</marcxml:subfield>
  </marcxml:datafield>
  <marcxml:datafield tag="600" ind1="0" ind2="0" xmlns:streams="info:lc/streams#">
    <marcxml:subfield code="a">Joseph</marcxml:subfield>
    <marcxml:subfield code="c">(Son of Jacob)</marcxml:subfield>
    <marcxml:subfield code="v">Juvenile literature.</marcxml:subfield>
  </marcxml:datafield>
  <marcxml:datafield tag="650" ind1=" " ind2="0" xmlns:streams="info:lc/streams#">
    <marcxml:subfield code="a">Bible stories, English</marcxml:subfield>
    <marcxml:subfield code="x">Genesis.</marcxml:subfield>
  </marcxml:datafield>
  <marcxml:datafield tag="600" ind1="0" ind2="1" xmlns:streams="info:lc/streams#">
    <marcxml:subfield code="a">Joseph</marcxml:subfield>
    <marcxml:subfield code="c">(Son of Jacob)</marcxml:subfield>
  </marcxml:datafield>
  <marcxml:datafield tag="650" ind1=" " ind2="1" xmlns:streams="info:lc/streams#">
    <marcxml:subfield code="a">Bible stories</marcxml:subfield>
    <marcxml:subfield code="x">Old Testament</marcxml:subfield>
  </marcxml:datafield>
  <marcxml:datafield tag="700" ind1="1" ind2=" " xmlns:streams="info:lc/streams#">
    <marcxml:subfield code="a">Jarecka, Danuta,</marcxml:subfield>
    <marcxml:subfield code="e">ill.</marcxml:subfield>
  </marcxml:datafield>
  <marcxml:datafield tag="922" ind1=" " ind2=" " xmlns:streams="info:lc/streams#">
    <marcxml:subfield code="a">ad</marcxml:subfield>
  </marcxml:datafield>
  <marcxml:datafield tag="985" ind1=" " ind2=" " xmlns:streams="info:lc/streams#">
    <marcxml:subfield code="e">GAP</marcxml:subfield>
  </marcxml:datafield>
  <marcxml:datafield tag="985" ind1=" " ind2=" ">
    <marcxml:subfield code="a">NDMSO-BF</marcxml:subfield>
    <marcxml:subfield code="d">20210408</marcxml:subfield>
    <marcxml:subfield code="e">opacsuppress</marcxml:subfield>
  </marcxml:datafield>
</marcxml:record>
